
@inproceedings{blythe_task_2005,
	title = {Task scheduling strategies for workflow-based applications in grids},
	volume = {2},
	url = {http://ieeexplore.ieee.org/xpls/abs_all.jsp?arnumber=1558639},
	urldate = {2014-06-27},
	booktitle = {Cluster Computing and the Grid, 2005. {CCGrid} 2005. {IEEE} International Symposium on},
	publisher = {{IEEE}},
	author = {Blythe, James and Jain, Sonal and Deelman, Ewa and Gil, Yolanda and Vahi, Karan and Mandal, Anirban and Kennedy, Ken},
	year = {2005},
	pages = {759â€“767},
	file = {[PDF] from googlecode.com:/home/perez/.zotero/zotero/xrqcqxod.default/zotero/storage/KGX94XCV/Blythe et al. - 2005 - Task scheduling strategies for workflow-based appl.pdf:application/pdf;Snapshot:/home/perez/.zotero/zotero/xrqcqxod.default/zotero/storage/FJD6S86P/login.html:text/html}
}