@article{gutierrez2012agent,
  title={Agent-based cloud workflow execution},
  author={Gutierrez-Garcia, J Octavio and Sim, Kwang Mong},
  journal={Integrated Computer-Aided Engineering},
  volume={19},
  number={1},
  pages={39--56},
  year={2012},
  publisher={IOS Press}
}

@inproceedings{o2004mapping,
  title={Mapping of Scientific Workflow within the e-Protein project to Distributed Resources},
  author={O’Brien, Angela and Newhouse, Steven and Darlington, John},
  booktitle={UK e-Science All Hands Meeting},
  pages={404--409},
  year={2004}
}

@article{buyya2009cloud,
  title={Cloud computing and emerging IT platforms: Vision, hype, and reality for delivering computing as the 5th utility},
  author={Buyya, Rajkumar and Yeo, Chee Shin and Venugopal, Srikumar and Broberg, James and Brandic, Ivona},
  journal={Future Generation computer systems},
  volume={25},
  number={6},
  pages={599--616},
  year={2009},
  publisher={Elsevier}x
}

@misc{uamz2013tizaloa,
  title = {Laboratorio de Supercómputo y Visualización en Paralelo},
  howpublished = {\url{http://supercomputo.izt.uam.mx/infraestructura/aitzaloa.php}},
  note = {Consultado el 10 de noviembre de 2013}
}

@misc{lancad2013xiuhcoatl,
  title = {Cluster Híbrido de Supercómputo | Xiuhcoatl | Cinvestav},
  howpublished = {\url{http://clusterhibrido.cinvestav.mx/}},
  note = {Consultado el 10 de noviembre de 2013}
}

@article{wagner1983new,
  title={New naturally occurring amino acids},
  author={Wagner, Ingrid and Musso, Hans},
  journal={Angewandte Chemie International Edition in English},
  volume={22},
  number={11},
  pages={816--828},
  year={1983},
  publisher={Wiley Online Library}
}

@article{liu2010compromised,
  title={A compromised-time-cost scheduling algorithm in swindew-c for instance-intensive cost-constrained workflows on a cloud computing platform},
  author={Liu, Ke and Jin, Hai and Chen, Jinjun and Liu, Xiao and Yuan, Dong and Yang, Yun},
  journal={International Journal of High Performance Computing Applications},
  volume={24},
  number={4},
  pages={445--456},
  year={2010},
  publisher={SAGE Publications}
}

@article{wieczorek2009towards,
  title={Towards a general model of the multi-criteria workflow scheduling on the grid},
  author={Wieczorek, Marek and Hoheisel, Andreas and Prodan, Radu},
  journal={Future Generation Computer Systems},
  volume={25},
  number={3},
  pages={237--256},
  year={2009},
  publisher={Elsevier}
}